@Book{knuth:84,
  author = 	 {Donald E. Knuth},
  title = 	 {The {\TeX} Book},
  publisher = 	 {Addison-Wesley},
  year = 	 {1984},
  edition = 	 {15th}
}

@InCollection{boulic:91,
  author = 	 {R. Boulic and O. Renault},
  title = 	 {3D Hierarchies for Animation},
  booktitle = 	 {New Trends in Animation and Visualization},
  publisher =    {John Wiley {\&} Sons ltd.},
  year = 	 {1991},
  editor = 	 {Nadia Magnenat-Thalmann and Daniel Thalmann}
}

@InCollection{smith:99,
  author = 	 {A. Smith and B. Jones},
  title = 	 {On the Complexity of Computing},
  booktitle = 	 {Advances in Computer Science},
  pages = 	 {555--566},
  publisher =    {Publishing Press},
  year = 	 {1999},
  editor = 	 {A. B. Smith-Jones}
}

@article{blabla,
 author = {Fielding, Roy T. and Taylor, Richard N.},
 title = {Principled Design of the Modern Web Architecture},
 journal = {ACM Trans. Internet Technol.},
 issue_date = {May 2002},
 volume = {2},
 number = {2},
 month = may,
 year = {2002},
 issn = {1533-5399},
 pages = {115--150},
 numpages = {36},
 url = {http://doi.acm.org/10.1145/514183.514185},
 doi = {10.1145/514183.514185},
 acmid = {514185},
 publisher = {ACM},
 address = {New York, NY, USA},
 keywords = {Network-based applications, REST, World Wide Web},
}
